@article{Hernandez2019Mar,
	author = {Hern{\ifmmode\acute{a}\else\'{a}\fi}ndez, Mar{\ifmmode\acute{\imath}\else\'{\i}\fi}a},
	title = {{Connectivity Now and Beyond; exploring Cat-M1, NB-IoT, and LPWAN Connections}},
	journal = {Ubidots Blog},
	year = {2019},
	month = {Mar},
	publisher = {Ubidots Blog},
	url = {https://ubidots.com/blog/exploring-cat-m1-nb-iot-lpwan-connections}
}

@misc{thethingsnetwork,
	title = {{The Things Network}},
	year = {2019},
	month = {Aug},
	note = {[Online; accessed 7. Aug. 2019]},
	url = {https://www.thethingsnetwork.org}
}

@ONLINE{LorawanSpecification,
	title = {LoraWAN Specification},
	year = {2019},
	month = {Aug},
	url = {https://lora-alliance.org/resource-hub/lorawanr-specification-v103}
}


@ONLINE{lowcostloragateway,
	title = {Low Cost LoRa Gateway},
	journal = {GitHub},
	year = {2019},
	month = {Aug},
	url = {https://github.com/CongducPham/LowCostLoRaGw}
}

@misc{lorasite,
	title = {{All About LoRa and LoRaWAN}},
	year = {2019},
	month = {Aug},
	note = {[Online; accessed 10. Sep. 2019]},
	url = {https://www.sghoslya.com}
}

@misc{loraaliance,
	title = {{LoRaWAN{\ifmmode\circledR\else\textregistered\fi} for Developers {$\vert$} LoRa Alliance{\texttrademark}}},
	year = {2019},
	month = {Sep},
	note = {[Online; accessed 10. Sep. 2019]},
	url = {https://lora-alliance.org/lorawan-for-developers}
}

@ONLINE{lorasemtech,
	title = {Semtech LoRa Technology Overview},
	year = {2019},
	month = {Sep},
	url = {https://www.semtech.com/lora}
}